@inproceedings{turney2011literal,
  title={Literal and metaphorical sense identification through concrete and abstract context},
  author={Turney, Peter D and Neuman, Yair and Assaf, Dan and Cohen, Yohai},
  booktitle={Proceedings of the Conference on Empirical Methods in Natural Language Processing},
  pages={680--690},
  year={2011},
  organization={Association for Computational Linguistics}
}
@inproceedings{boisson2013linggle,
  title={Linggle: a Web-scale Linguistic Search Engine for Words in Context.},
  author={Boisson, Joanne and Kao, Ting-Hui and Wu, Jian-Cheng and Yen, Tzu-Hsi and Chang, Jason S},
  booktitle={ACL (Conference System Demonstrations)},
  pages={139--144},
  year={2013}
}
@article{church1990word,
  title={Word association norms, mutual information, and lexicography},
  author={Church, Kenneth Ward and Hanks, Patrick},
  journal={Computational linguistics},
  volume={16},
  number={1},
  pages={22--29},
  year={1990},
  publisher={MIT Press}
}
@inproceedings{bouma2009normalized,
  title={Normalized (pointwise) mutual information in collocation extraction},
  author={Bouma, Gerlof},
  booktitle={Proceedings of the Biennial GSCL Conference},
  volume={156},
  year={2009}
}



@inproceedings{ano,
  title={ano}
}
