@inproceedings{turney2011literal,
  title={Literal and metaphorical sense identification through concrete and abstract context},
  author={Turney, Peter D and Neuman, Yair and Assaf, Dan and Cohen, Yohai},
  booktitle={Proceedings of the Conference on Empirical Methods in Natural Language Processing},
  pages={680--690},
  year={2011},
  organization={Association for Computational Linguistics}
}
@inproceedings{boisson2013linggle,
  title={Linggle: a Web-scale Linguistic Search Engine for Words in Context.},
  author={Boisson, Joanne and Kao, Ting-Hui and Wu, Jian-Cheng and Yen, Tzu-Hsi and Chang, Jason S},
  booktitle={ACL (Conference System Demonstrations)},
  pages={139--144},
  year={2013}
}
@article{church1990word,
  title={Word association norms, mutual information, and lexicography},
  author={Church, Kenneth Ward and Hanks, Patrick},
  journal={Computational linguistics},
  volume={16},
  number={1},
  pages={22--29},
  year={1990},
  publisher={MIT Press}
}
@inproceedings{bouma2009normalized,
  title={Normalized (pointwise) mutual information in collocation extraction},
  author={Bouma, Gerlof},
  booktitle={Proceedings of the Biennial GSCL Conference},
  volume={156},
  year={2009}
}
@article{roncero2006similes,
  title={Similes on the internet have explanations},
  author={Roncero, Carlos and Kennedy, John M and Smyth, Ron},
  journal={Psychonomic Bulletin \& Review},
  volume={13},
  number={1},
  pages={74--77},
  year={2006},
  publisher={Springer}
}
@inproceedings{veale2007learning,
  title={Learning to understand figurative language: from similes to metaphors to irony},
  author={Veale, Tony and Hao, Yanfen},
  booktitle={Proceedings of the Cognitive Science Society},
  volume={29},
  year={2007}
}
@inproceedings{li2015chinese,
  title={Chinese CogBank: Where to See the Cognitive Features of Chinese Words},
  author={Li, Bin and Bai, Xiaopeng and Yin, Siqi and Xu, Jie},
  booktitle={Proceedings of the Third Workshop on Metaphor in NLP},
  pages={77--86},
  year={2015}
}
@article{bulatmodelling,
  title={Modelling metaphor with attribute-based semantics},
  author={Bulat, Luana and Clark, Stephen and Shutova, Ekaterina}
}
